@article{broder2004network,
  title={Network applications of bloom filters: A survey},
  author={Broder, Andrei and Mitzenmacher, Michael},
  journal={Internet mathematics},
  volume={1},
  number={4},
  pages={485--509},
  year={2004},
  publisher={Taylor \& Francis}
}

@article{GALBRAITH20083113,
  title = {Pairings for cryptographers},
  journal = {Discrete Applied Mathematics},
  volume = {156},
  number = {16},
  pages = {3113-3121},
  year = {2008},
  note = {Applications of Algebra to Cryptography},
  issn = {0166-218X},
  author = {Steven D. Galbraith and Kenneth G. Paterson and Nigel P. Smart},
  keywords = {Pairings, Cryptography}
}

@article{Bloom1970,
  author = {Bloom, Burton H.},
  title = {Space/Time Trade-Offs in Hash Coding with Allowable Errors},
  year = {1970},
  issue_date = {July 1970},
  publisher = {Association for Computing Machinery},
  address = {New York, NY, USA},
  volume = {13},
  number = {7},
  issn = {0001-0782},
  journal = {Commun. ACM},
  month = {jul},
  pages = {422-426},
  numpages = {5},
  keywords = {hash coding, hash addressing, retrieval trade-offs, retrieval efficiency, searching, storage layout, scatter storage, storage efficiency}
}

@INPROCEEDINGS{certchain2018,
  author={Chen, Jing and Yao, Shixiong and Yuan, Quan and He, Kun and Ji, Shouling and Du, Ruiying},
  booktitle={Proceedings of IEEE International Conference on Computer Communications}, 
  title={CertChain: Public and Efficient Certificate Audit Based on Blockchain for TLS Connections}, 
  year={2018},
  pages={2060-2068},
}
