@article{DBLP:journals/tdsc/XueGHWHY22,
  author       = {Kaiping Xue and
                  Na Gai and
                  Jianan Hong and
                  David S. L. Wei and
                  Peilin Hong and
                  Nenghai Yu},
  title        = {Efficient and Secure Attribute-Based Access Control With Identical
                  Sub-Policies Frequently Used in Cloud Storage},
  journal      = {{IEEE} Trans. Dependable Secur. Comput.},
  volume       = {19},
  number       = {1},
  pages        = {635--646},
  year         = {2022},
  url          = {https://doi.org/10.1109/TDSC.2020.2987903},
  doi          = {10.1109/TDSC.2020.2987903},
  timestamp    = {Fri, 21 Jan 2022 00:00:00 +0100},
  biburl       = {https://dblp.org/rec/journals/tdsc/XueGHWHY22.bib},
  bibsource    = {dblp computer science bibliography, https://dblp.org}
}

@article{DBLP:journals/tvt/XueLTHWL22,
  author       = {Kaiping Xue and
                  Xinyi Luo and
                  Hangyu Tian and
                  Jianan Hong and
                  David S. L. Wei and
                  Jian Li},
  title        = {A Blockchain Based User Subscription Data Management and Access Control
                  Scheme in Mobile Communication Networks},
  journal      = {{IEEE} Trans. Veh. Technol.},
  volume       = {71},
  number       = {3},
  pages        = {3108--3120},
  year         = {2022},
  url          = {https://doi.org/10.1109/TVT.2021.3138203},
  doi          = {10.1109/TVT.2021.3138203},
  timestamp    = {Fri, 01 Apr 2022 01:00:00 +0200},
  biburl       = {https://dblp.org/rec/journals/tvt/XueLTHWL22.bib},
  bibsource    = {dblp computer science bibliography, https://dblp.org}
}

@inproceedings{DBLP:conf/globecom/XieHH22,
  author       = {Xin Xie and
                  Cunqing Hua and
                  Jianan Hong},
  title        = {Joint Power Control for Over-the-Air Computation in Multicarrier Wireless
                  System},
  booktitle    = {{IEEE} Global Communications Conference, {GLOBECOM} 2022, Rio de Janeiro,
                  Brazil, December 4-8, 2022},
  pages        = {794--799},
  publisher    = {{IEEE}},
  year         = {2022},
  url          = {https://doi.org/10.1109/GLOBECOM48099.2022.10000853},
  doi          = {10.1109/GLOBECOM48099.2022.10000853},
  timestamp    = {Tue, 17 Jan 2023 08:56:31 +0100},
  biburl       = {https://dblp.org/rec/conf/globecom/XieHH22.bib},
  bibsource    = {dblp computer science bibliography, https://dblp.org}
}

@inproceedings{DBLP:conf/globecom/YangLLHLX22,
  author       = {Jinjiang Yang and
                  Feng Liu and
                  Xinyi Luo and
                  Jianan Hong and
                  Jian Li and
                  Kaiping Xue},
  title        = {Forward Private Multi-Client Searchable Encryption with Efficient
                  Access Control in Cloud Storage},
  booktitle    = {{IEEE} Global Communications Conference, {GLOBECOM} 2022, Rio de Janeiro,
                  Brazil, December 4-8, 2022},
  pages        = {3791--3796},
  publisher    = {{IEEE}},
  year         = {2022},
  url          = {https://doi.org/10.1109/GLOBECOM48099.2022.10001146},
  doi          = {10.1109/GLOBECOM48099.2022.10001146},
  timestamp    = {Wed, 15 Mar 2023 00:00:00 +0100},
  biburl       = {https://dblp.org/rec/conf/globecom/YangLLHLX22.bib},
  bibsource    = {dblp computer science bibliography, https://dblp.org}
}

@article{DBLP:journals/tdsc/HongXGWH20,
  author       = {Jianan Hong and
                  Kaiping Xue and
                  Na Gai and
                  David S. L. Wei and
                  Peilin Hong},
  title        = {Service Outsourcing in {F2C} Architecture with Attribute-based Anonymous
                  Access Control and Bounded Service Number},
  journal      = {{IEEE} Trans. Dependable Secur. Comput.},
  volume       = {17},
  number       = {5},
  pages        = {1051--1062},
  year         = {2020},
  url          = {https://doi.org/10.1109/TDSC.2018.2845381},
  doi          = {10.1109/TDSC.2018.2845381},
  timestamp    = {Thu, 02 Sep 2021 01:00:00 +0200},
  biburl       = {https://dblp.org/rec/journals/tdsc/HongXGWH20.bib},
  bibsource    = {dblp computer science bibliography, https://dblp.org}
}

@article{DBLP:journals/tsc/HongXXCWYH20,
  author       = {Jianan Hong and
                  Kaiping Xue and
                  Yingjie Xue and
                  Weikeng Chen and
                  David S. L. Wei and
                  Nenghai Yu and
                  Peilin Hong},
  title        = {{TAFC:} Time and Attribute Factors Combined Access Control for Time-Sensitive
                  Data in Public Cloud},
  journal      = {{IEEE} Trans. Serv. Comput.},
  volume       = {13},
  number       = {1},
  pages        = {158--171},
  year         = {2020},
  url          = {https://doi.org/10.1109/TSC.2017.2682090},
  doi          = {10.1109/TSC.2017.2682090},
  timestamp    = {Thu, 02 Apr 2020 01:00:00 +0200},
  biburl       = {https://dblp.org/rec/journals/tsc/HongXXCWYH20.bib},
  bibsource    = {dblp computer science bibliography, https://dblp.org}
}

@article{DBLP:journals/tvt/XuXTHWH20,
  author       = {Jie Xu and
                  Kaiping Xue and
                  Hangyu Tian and
                  Jianan Hong and
                  David S. L. Wei and
                  Peilin Hong},
  title        = {An Identity Management and Authentication Scheme Based on Redactable
                  Blockchain for Mobile Networks},
  journal      = {{IEEE} Trans. Veh. Technol.},
  volume       = {69},
  number       = {6},
  pages        = {6688--6698},
  year         = {2020},
  url          = {https://doi.org/10.1109/TVT.2020.2986041},
  doi          = {10.1109/TVT.2020.2986041},
  timestamp    = {Tue, 31 Aug 2021 01:00:00 +0200},
  biburl       = {https://dblp.org/rec/journals/tvt/XuXTHWH20.bib},
  bibsource    = {dblp computer science bibliography, https://dblp.org}
}

@article{DBLP:journals/iotj/XuXLTHHY19,
  author       = {Jie Xu and
                  Kaiping Xue and
                  Shaohua Li and
                  Hangyu Tian and
                  Jianan Hong and
                  Peilin Hong and
                  Nenghai Yu},
  title        = {Healthchain: {A} Blockchain-Based Privacy Preserving Scheme for Large-Scale
                  Health Data},
  journal      = {{IEEE} Internet Things J.},
  volume       = {6},
  number       = {5},
  pages        = {8770--8781},
  year         = {2019},
  url          = {https://doi.org/10.1109/JIOT.2019.2923525},
  doi          = {10.1109/JIOT.2019.2923525},
  timestamp    = {Tue, 31 Aug 2021 01:00:00 +0200},
  biburl       = {https://dblp.org/rec/journals/iotj/XuXLTHHY19.bib},
  bibsource    = {dblp computer science bibliography, https://dblp.org}
}

@article{DBLP:journals/tifs/XueXGHWH19,
  author       = {Yingjie Xue and
                  Kaiping Xue and
                  Na Gai and
                  Jianan Hong and
                  David S. L. Wei and
                  Peilin Hong},
  title        = {An Attribute-Based Controlled Collaborative Access Control Scheme
                  for Public Cloud Storage},
  journal      = {{IEEE} Trans. Inf. Forensics Secur.},
  volume       = {14},
  number       = {11},
  pages        = {2927--2942},
  year         = {2019},
  url          = {https://doi.org/10.1109/TIFS.2019.2911166},
  doi          = {10.1109/TIFS.2019.2911166},
  timestamp    = {Thu, 06 Aug 2020 01:00:00 +0200},
  biburl       = {https://dblp.org/rec/journals/tifs/XueXGHWH19.bib},
  bibsource    = {dblp computer science bibliography, https://dblp.org}
}

@article{DBLP:journals/network/XueHMWHY18,
  author       = {Kaiping Xue and
                  Jianan Hong and
                  Yongjin Ma and
                  David S. L. Wei and
                  Peilin Hong and
                  Nenghai Yu},
  title        = {Fog-Aided Verifiable Privacy Preserving Access Control for Latency-Sensitive
                  Data Sharing in Vehicular Cloud Computing},
  journal      = {{IEEE} Netw.},
  volume       = {32},
  number       = {3},
  pages        = {7--13},
  year         = {2018},
  url          = {https://doi.org/10.1109/MNET.2018.1700341},
  doi          = {10.1109/MNET.2018.1700341},
  timestamp    = {Fri, 11 Sep 2020 01:00:00 +0200},
  biburl       = {https://dblp.org/rec/journals/network/XueHMWHY18.bib},
  bibsource    = {dblp computer science bibliography, https://dblp.org}
}

@article{DBLP:journals/tifs/XueCLHH18,
  author       = {Kaiping Xue and
                  Weikeng Chen and
                  Wei Li and
                  Jianan Hong and
                  Peilin Hong},
  title        = {Combining Data Owner-Side and Cloud-Side Access Control for Encrypted
                  Cloud Storage},
  journal      = {{IEEE} Trans. Inf. Forensics Secur.},
  volume       = {13},
  number       = {8},
  pages        = {2062--2074},
  year         = {2018},
  url          = {https://doi.org/10.1109/TIFS.2018.2809679},
  doi          = {10.1109/TIFS.2018.2809679},
  timestamp    = {Thu, 06 Aug 2020 01:00:00 +0200},
  biburl       = {https://dblp.org/rec/journals/tifs/XueCLHH18.bib},
  bibsource    = {dblp computer science bibliography, https://dblp.org}
}

@inproceedings{DBLP:conf/icc/HeWXLHX18,
  author       = {Peixuan He and
                  Yinxin Wan and
                  Qiudong Xia and
                  Shaohua Li and
                  Jianan Hong and
                  Kaiping Xue},
  title        = {{LASA:} Lightweight, Auditable and Secure Access Control in {ICN}
                  with Limitation of Access Times},
  booktitle    = {2018 {IEEE} International Conference on Communications, {ICC} 2018,
                  Kansas City, MO, USA, May 20-24, 2018},
  pages        = {1--6},
  publisher    = {{IEEE}},
  year         = {2018},
  url          = {https://doi.org/10.1109/ICC.2018.8422829},
  doi          = {10.1109/ICC.2018.8422829},
  timestamp    = {Wed, 16 Oct 2019 14:14:50 +0200},
  biburl       = {https://dblp.org/rec/conf/icc/HeWXLHX18.bib},
  bibsource    = {dblp computer science bibliography, https://dblp.org}
}

@inproceedings{DBLP:conf/mass/MengXXHY18,
  author       = {Wei Meng and
                  Kaiping Xue and
                  Jie Xu and
                  Jianan Hong and
                  Nenghai Yu},
  title        = {Low-Latency Authentication Against Satellite Compromising for Space
                  Information Network},
  booktitle    = {15th {IEEE} International Conference on Mobile Ad Hoc and Sensor Systems,
                  {MASS} 2018, Chengdu, China, October 9-12, 2018},
  pages        = {237--244},
  publisher    = {{IEEE} Computer Society},
  year         = {2018},
  url          = {https://doi.org/10.1109/MASS.2018.00045},
  doi          = {10.1109/MASS.2018.00045},
  timestamp    = {Fri, 24 Mar 2023 00:00:00 +0100},
  biburl       = {https://dblp.org/rec/conf/mass/MengXXHY18.bib},
  bibsource    = {dblp computer science bibliography, https://dblp.org}
}

@article{DBLP:journals/tc/XueHXWYH17,
  author       = {Kaiping Xue and
                  Jianan Hong and
                  Yingjie Xue and
                  David S. L. Wei and
                  Nenghai Yu and
                  Peilin Hong},
  title        = {{CABE:} {A} New Comparable Attribute-Based Encryption Construction
                  with 0-Encoding and 1-Encoding},
  journal      = {{IEEE} Trans. Computers},
  volume       = {66},
  number       = {9},
  pages        = {1491--1503},
  year         = {2017},
  url          = {https://doi.org/10.1109/TC.2017.2693265},
  doi          = {10.1109/TC.2017.2693265},
  timestamp    = {Tue, 22 Aug 2017 01:00:00 +0200},
  biburl       = {https://dblp.org/rec/journals/tc/XueHXWYH17.bib},
  bibsource    = {dblp computer science bibliography, https://dblp.org}
}

@article{DBLP:journals/tifs/XueXHLYWH17,
  author       = {Kaiping Xue and
                  Yingjie Xue and
                  Jianan Hong and
                  Wei Li and
                  Hao Yue and
                  David S. L. Wei and
                  Peilin Hong},
  title        = {{RAAC:} Robust and Auditable Access Control With Multiple Attribute
                  Authorities for Public Cloud Storage},
  journal      = {{IEEE} Trans. Inf. Forensics Secur.},
  volume       = {12},
  number       = {4},
  pages        = {953--967},
  year         = {2017},
  url          = {https://doi.org/10.1109/TIFS.2016.2647222},
  doi          = {10.1109/TIFS.2016.2647222},
  timestamp    = {Thu, 06 Aug 2020 01:00:00 +0200},
  biburl       = {https://dblp.org/rec/journals/tifs/XueXHLYWH17.bib},
  bibsource    = {dblp computer science bibliography, https://dblp.org}
}

@article{DBLP:journals/tifs/XueLHXYH17,
  author       = {Kaiping Xue and
                  Shaohua Li and
                  Jianan Hong and
                  Yingjie Xue and
                  Nenghai Yu and
                  Peilin Hong},
  title        = {Two-Cloud Secure Database for Numeric-Related {SQL} Range Queries
                  With Privacy Preserving},
  journal      = {{IEEE} Trans. Inf. Forensics Secur.},
  volume       = {12},
  number       = {7},
  pages        = {1596--1608},
  year         = {2017},
  url          = {https://doi.org/10.1109/TIFS.2017.2675864},
  doi          = {10.1109/TIFS.2017.2675864},
  timestamp    = {Thu, 06 Aug 2020 01:00:00 +0200},
  biburl       = {https://dblp.org/rec/journals/tifs/XueLHXYH17.bib},
  bibsource    = {dblp computer science bibliography, https://dblp.org}
}

@inproceedings{DBLP:conf/icc/YangHXCZY17,
  author       = {Qingyou Yang and
                  Jianan Hong and
                  Kaiping Xue and
                  Weikeng Chen and
                  Xiang Zhang and
                  Hao Yue},
  title        = {A privacy-preserving and real-time traceable power request scheme
                  for smart grid},
  booktitle    = {{IEEE} International Conference on Communications, {ICC} 2017, Paris,
                  France, May 21-25, 2017},
  pages        = {1--6},
  publisher    = {{IEEE}},
  year         = {2017},
  url          = {https://doi.org/10.1109/ICC.2017.7997253},
  doi          = {10.1109/ICC.2017.7997253},
  timestamp    = {Wed, 16 Oct 2019 14:14:50 +0200},
  biburl       = {https://dblp.org/rec/conf/icc/YangHXCZY17.bib},
  bibsource    = {dblp computer science bibliography, https://dblp.org}
}

@article{DBLP:journals/tpds/LiXXH16,
  author       = {Wei Li and
                  Kaiping Xue and
                  Yingjie Xue and
                  Jianan Hong},
  title        = {{TMACS:} {A} Robust and Verifiable Threshold Multi-Authority Access
                  Control System in Public Cloud Storage},
  journal      = {{IEEE} Trans. Parallel Distributed Syst.},
  volume       = {27},
  number       = {5},
  pages        = {1484--1496},
  year         = {2016},
  url          = {https://doi.org/10.1109/TPDS.2015.2448095},
  doi          = {10.1109/TPDS.2015.2448095},
  timestamp    = {Fri, 02 Oct 2020 01:00:00 +0200},
  biburl       = {https://dblp.org/rec/journals/tpds/LiXXH16.bib},
  bibsource    = {dblp computer science bibliography, https://dblp.org}
}

@inproceedings{DBLP:conf/globecom/XueHLXH16,
  author       = {Yingjie Xue and
                  Jianan Hong and
                  Wei Li and
                  Kaiping Xue and
                  Peilin Hong},
  title        = {{LABAC:} {A} Location-Aware Attribute-Based Access Control Scheme
                  for Cloud Storage},
  booktitle    = {2016 {IEEE} Global Communications Conference, {GLOBECOM} 2016, Washington,
                  DC, USA, December 4-8, 2016},
  pages        = {1--6},
  publisher    = {{IEEE}},
  year         = {2016},
  url          = {https://doi.org/10.1109/GLOCOM.2016.7841945},
  doi          = {10.1109/GLOCOM.2016.7841945},
  timestamp    = {Wed, 16 Oct 2019 14:14:51 +0200},
  biburl       = {https://dblp.org/rec/conf/globecom/XueHLXH16.bib},
  bibsource    = {dblp computer science bibliography, https://dblp.org}
}

@techreport{3gpp.33.102, 
  author = {3GPP}, 
  day = {24}, 
  institution = {{3rd Generation Partnership Project (3GPP)}}, 
  month = {03}, 
  note = {Version 17.0.0}, 
  number = {33.102}, 
  title = {{3G security; Security architecture}}, 
  type = {Technical Specification (TS)}, 
  year = {2022}
}

@techreport{3gpp.33.401, 
  author = {3GPP}, 
  day = {22}, 
  institution = {{3rd Generation Partnership Project (3GPP)}}, 
  month = {09}, 
  note = {Version 17.3.0}, 
  number = {33.401}, 
  title = {{3GPP System Architecture Evolution (SAE); Security architecture}}, 
  type = {Technical Specification (TS)}, 
  year = {2022}
}

@techreport{3gpp.33.501, 
  author = {3GPP}, 
  day = {30}, 
  institution = {{3rd Generation Partnership Project (3GPP)}}, 
  month = {03}, 
  note = {Version 18.1.0}, 
  number = {33.501}, 
  title = {{Security architecture and procedures for 5G System}},
  type = {Technical Specification (TS)}, 
  year = {2023}
}

@article{jiang2021road,
  title={The road towards 6G: A comprehensive survey},
  author={Jiang, Wei and Han, Bin and Habibi, Mohammad Asif and Schotten, Hans Dieter},
  journal={IEEE Open Journal of the Communications Society},
  volume={2},
  pages={334--366},
  year={2021},
  publisher={IEEE}
}

@article{siriwardhana2021survey,
  title={A survey on mobile augmented reality with 5G mobile edge computing: architectures, applications, and technical aspects},
  author={Siriwardhana, Yushan and Porambage, Pawani and Liyanage, Madhusanka and Ylianttila, Mika},
  journal={IEEE Communications Surveys \& Tutorials},
  volume={23},
  number={2},
  pages={1160--1192},
  year={2021},
  publisher={IEEE}
}

@article{paquin2011u,
  title={U-prove cryptographic specification v1. 1},
  author={Paquin, Christian and Zaverucha, Greg},
  journal={Technical Report, Microsoft Corporation},
  year={2011}
}